@article{Manteuffel_2017,
   title={A Root-Node--Based Algebraic Multigrid Method},
   volume={39},
   ISSN={1095-7197},
   url={http://dx.doi.org/10.1137/16M1082706},
   DOI={10.1137/16m1082706},
   number={5},
   journal={SIAM Journal on Scientific Computing},
   publisher={Society for Industrial & Applied Mathematics (SIAM)},
   author={Manteuffel, Thomas A. and Olson, Luke N. and Schroder, Jacob B. and Southworth, Ben S.},
   year={2017},
   month={Jan},
   pages={S723â€“S756}
}
