@misc{gcn,
      title={Semi-Supervised Classification with Graph Convolutional Networks},
      author={Thomas N. Kipf and Max Welling},
      year={2017},
      eprint={1609.02907},
      archivePrefix={arXiv},
      primaryClass={cs.LG}
}

@book{numpde,
      title={Numerical Partial Differential Equations},
      year={2020},
      author={James Adler and Hans De Sterck and Scott MacLachlan and Luke Olson}
}

@misc{ecc,
      title={Dynamic Edge-Conditioned Filters in Convolutional Neural Networks on Graphs},
      author={Martin Simonovsky and Nikos Komodakis},
      year={2017},
      eprint={1704.02901},
      archivePrefix={arXiv},
      primaryClass={cs.CV}
}

@misc{mpnn,
      title={Neural Message Passing for Quantum Chemistry},
      author={Justin Gilmer and Samuel S. Schoenholz and Patrick F. Riley and Oriol Vinyals and George E. Dahl},
      year={2017},
      eprint={1704.01212},
      archivePrefix={arXiv},
      primaryClass={cs.LG}
}

@book{silvester,
      title={Finite Elements and Fast Iterative Solvers With Applications in Incompressible Fluid Dynamics},
      author={Howard Elman and David Silvester and Andy Wathen},
      year={2014},
      publisher={Oxford University Press}
}